@IEEEtranBSTCTL{IEEEexample:BSTcontrol,
  CTLuse_article_number     = "yes",
  CTLuse_paper              = "yes",
  CTLuse_forced_etal        = "no",
  CTLmax_names_forced_etal  = "10",
  CTLnames_show_etal        = "1",
  CTLuse_alt_spacing        = "yes",
  CTLalt_stretch_factor     = "4",
  CTLdash_repeated_names    = "yes",
  CTLname_format_string     = "{f.~}{vv~}{ll}{, jj}",
  CTLname_latex_cmd         = "",
  CTLname_url_prefix        = "[Online]. Available:"
}

@inproceedings{ref:2007-raman-h.264_parallel_transcoder,
	author={Arvind Raman and Sriram Sethuraman},
	title={Scalable Multi-DM642-based MPEG-2 to H.264 Transcoder},
	booktitle={Texas Instruments Developer Conference, Proceedings of},
	month={March},
	year={2007} }

@inproceedings{ref:2008-ohult-the_mobile_broadband_evolution,
	author={Conny Ohult},
	title={The Mobile Broadband Evolution: COTS DSP Software for Wireless Infrastructure TEMs},
	booktitle={Texas Instruments Developer Conference, Proceedings of},
	month={March},
	year={2008} }

@inproceedings{ref:2007-wilson-using_serial_rapidio_switches,
	author={Tom Wilson},
	title={Using Serial RapidIO Switches in Wireless Node B Baseband and WiMAX Architectures using Texas Instruments DSPs},
	booktitle={Texas Instruments Developer Conference, Proceedings of},
	month={March},
	year={2007} }

@electronic{ref:2009-barney-introduction_to_parallel_computing,
	author={Blaise Barney},
	title={Introduction to Parallel Computing},
	organization={Lawrence Livermore National Laboratory},
	month={March},
	year={2010},
	url={https://computing.llnl.gov/tutorials/parallel_comp/} }

@electronic{ref:2006-black-dijkstras_algorithm,
	author={Paul E. Black},
	title={Dijkstra's algorithm},
	organization={National Institute of Standards},
	month={September},
	year={2006},
	url={http://www.itl.nist.gov/div897/sqg/dads/HTML/dijkstraalgo.html} }
	
@manual{ref:2007-ti-tps70102,
	title={Dual-Output Low Dropout Voltage Regulators with Power-Up Sequencing for Split-Voltage DSP Systems},
	edition={F},
	organization={Texas Instruments},
	year={2007},
	url={http://focus.ti.com/general/docs/lit/getliterature.tsp?genericPartNumber=tps70102&fileType=pdf} }
	
@manual{ref:2006-ti-f2808_users_guide,
	title={TMS320F2809, TMS320F2808, TMS320F2806, TMS320F2802, TMS320F2801, UCD9501, TMS320C2802, TMS320C2801, and TMS320F2801x DSPs Data Manual},
	edition={H},
	organization={Texas Instruments},
	year={2006},
	url={http://focus.ti.com/lit/ds/symlink/tms320f2808.pdf} }
	
@manual{ref:2006-ti-f2808_system_control_and_interrupts,
	title={TMS320x280x DSP System Control and Interrupts Reference Guide},
	edition={C},
	organization={Texas Instruments},
	year={2006},
	url={http://focus.ti.com/general/docs/litabsmultiplefilelist.tsp?literatureNumber=spru712g} }

@manual{ref:2006-ti-f2808_spi,
	title={TMS320x281x, 280x DSP Serial Peripheral Interface (SPI) Reference Guide},
	edition={C},
	organization={Texas Instruments},
	year={2006},
	url={http://focus.ti.com/general/docs/litabsmultiplefilelist.tsp?literatureNumber=sprug72} }

@manual{ref:1994-motorola-spi,
	title={Using the Serial Peripheral Interface to Communicate Between Multiple Microcomputers},
	edition={1},
	organization={Motorola, Inc.},
	year={1994},
	url={http://www.freescale.com/files/microcontrollers/doc/app_note/AN991.pdf} }

@manual{ref:1995-national_semiconductor-microwire,
	author={Abdul Aleaf},
	title={MICROWIRE Serial Interface},
	organization={National Semiconductor Corp.},
	month={Janurary},
	year={1995},
	url={http://www.national.com/an/AN/AN-452.pdf} }

@book{ref:1997-duato-interconnection_networks,
	author={Jose Duato and Sudhakar Yalamanchili and Lionel M. Ni },
	title={Interconnection Networks: An Engineering Approach},
	edition={1st},
	publisher={{IEEE} Computer Society Press},
	month={Janurary},
	year={1995} }

@electronic{ref:2001-embedded.com-i2c,
	author={David Kalinsky and Roee Kalinsky},
	title={Introduction to $\textrm{I}^\textrm{2} \textrm{C}$},
	organization={Embedded.com},
	month={July},
	year={2001},
	url={http://www.embedded.com/story/OEG20010718S0073} }

@manual{ref:2002-ti-f2808_spi,
	title={TMS320x281x, 280x DSP Serial Peripheral Interface (SPI) Reference Guide},
	edition={C},
	organization={Texas Instruments},
	year={2006},
	url={http://focus.ti.com/general/docs/litabsmultiplefilelist.tsp?literatureNumber=sprug72} }

@electronic{ref:2003-embedded.com-canbus,
	author={Niall Murphy},
	title={A short trip on the CAN bus},
	organization={Embedded.com},
	month={August},
	year={2003},
	url={http://www.embedded.com/shared/printableArticle.jhtml?articleID=13000304} }

@inproceedings{ref:2007-szekacs-multiprocessor_spi_system,
	title={Realising the SPI communication in a multiprocessor system},
	author={Szekacs, A. and Szakall, T. and Hegykozi, Z.},
	booktitle={Intelligent Systems and Informatics, 2007. SISY 2007. 5th International Symposium on},
	year={2007},
	month={August},
	pages={213-216} }

@manual{ref:2009-ti-msp430,
	title={MSP430x4xx Family User’s Guide},
	organization={Texas Instruments, Inc.},
	year={2009},
	url={http://focus.ti.com/general/docs/lit/getliterature.tsp?literatureNumber=slau056i&fileType=pdf} }
	
@book{ref:2005-kozierok-tcpip_guide,
	author={Charles M. Kozierok},
	title={TCP/IP Guide, A Comprehensive, Illustrated Internet Protocols Reference},
	edition={1st},
	publisher={No Starch Press, Inc.},
	year={2005} }
	
@book{ref:2004-forouzan-data_communications_and_networking,
	author={Behrouz A. Forouzan},
	title={Data Communications and Networking},
	edition={3rd},
	publisher={McGraw-Hill},
	year={2004} }
	
@book{ref:2005-fuller-rapidio_the_embedded_interconnect,
	author={Sam Fuller},
	title={RapidIO, The Embedded System Interconnect},
	edition={1st},
	publisher={Wiley},
	year={2005} }
	
@electronic{ref:2002-embedded.com-low_end_protocols,
	author={John Patrick},
	title={Serial Protocols Compared},
	organization={Embedded.com},
	month={May},
	year={2002},
	url={http://www.embedded.com/9900637?_requestid=68671} }
	
@electronic{ref:2009-embedded.com-high_end_protocols,
	author={Barry Wood},
	title={Backplane tutorial: RapidIO, PCIe and Ethernet},
	organization={Embedded.com},
	month={January},
	year={2009},
	url={http://www.embedded.com/columns/technicalinsights/212901214?_requestid=155652} }
	
	
@article{ref:1959-dijkstra-routing,
    author={Edsger Dijkstra},
    title = {A note on two problems in connexion with graphs},
    journal={Numerische Mathematik},
    month={December},
    number={1},
    pages={269--271},
    volume={1},
    year={1959} }
    
@inproceedings{ref:2002-racke-oblivious_routing,
	title={Minimizing congestion in general networks},
	author={Harald R\''{a}cke},
	booktitle={Foundations of Computer Science, 2002. Proceedings. The 43rd Annual IEEE Symposium on},
	year={2002},
	pages={43--52} }
	
@standards{ref:1998-rfc-ospf,
	author={J. Moy},
	title={OSPF Version 2},
	organization={IETF},
	type={RFC},
	number={2328},
	revision={2.0},
	month={April},
	year={1998},
	url={http://tools.ietf.org/html/rfc2328} }
	
@book{ref:2009-snyder-principles_of_parallel_programming,
	author={Lawrence Snyder},
	title={Principles of Parallel Programming},
	publisher={Addison Wesley},
	year={2009}}

@electronic{ref:2009-apple-grand_central_dispatch,
	title={Introducing Blocks and Grand Central Dispatch},
	organization={Apple Inc.},
	month={September},
	year={2009},
	url={http://developer.apple.com/mac/articles/cocoa/introblocksgcd.html} }
	
@electronic{ref:2010-llnl-mpi_reference,
	author={Blaise Barney},
	title={Message Passing Interface (MPI)},
	organization={Lawrence Livermore National Laboratory},
	month={March},
	year={2010},
	url={https://computing.llnl.gov/tutorials/mpi/} }
	
@phdthesis{ref:2003-racke-oblivious_routing,
	author={Harald R\"acke},
	title={Data Management and Routing in General Networks},
	school={Universit\"at Paderborn},
	year={2003} }

@book{ref:1993-ahuja-network_flows,
	author={Ravindra K. Ahuja and Thomas L. Magnanti and James B. Orlin},
	title={Network Flows: Theory, Algorithms, and Applications (Hardcover)},
	publisher={Prentice Hall},
	year={1993} }
	
@book{ref:2007-lau-java_library_of_graph_algorithms,
	author={Hang Tong Lau},
	title={A Java library of graph algorithms and optimization},
	publisher={Boca Raton},
	year={2007} }
	
@article{ref:1996-goldberg-functional_programming_languages,
	author = {Benjamin Goldberg},
	title = {Functional Programming Languages},
	journal = {ACM Comput. Surv.},
	volume = {28},
	number = {1},
	year = {1996},
	pages = {249--251},
	publisher = {ACM} }
	
@inproceedings{ref:2005-cooke-sequencel_overview,
	author={Daniel E. Cooke and J. Nelson Rushton},
	title={SequenceL – An Overview of a Simple Language},
	booktitle={International Conference on Programming Languages and Compilers, 2005},
	month={June},
	year={2005},
	pages={64--70} }
	
@article{ref:2006-mavronicolas-eight_open_problems_in_distributed_computing,
	author={James Aspnes and Costas Busch and Shlomi Dolev and Panagiota Fatourou and Chryssis Georgiou and Alex Shvartsman and Paul Spirakis and Roger Wattenhofer},
	title={Eight open problems in distributed computing},
	journal={Bulletin of the European Association for Theoretical Computer Science},
	volume={90},
	pages={109--126},
	month={October},
	year={2006} }
	
@electronic{ref:2010-freertos-freertos,
	title={FreeRTOS},
	organization={Real Time Engineers Ltd.},
	year={2010},
	url={http://www.freertos.org/} }
	
@book{ref:2003-stevens-unix_network_programming,
	author={W. Richard Stevens and Bill Fenner and Andrew M. Rudoff and Bill Fenner and Andrew M. Rudoff},
	title={UNIX Network Programming: The Sockets Networking API},
	volume={1},
	publisher={Addison-Wesley},
	year={2003} }
	
@book{ref:2001-taubman-jpeg2000,
	author={David Taubman and Michael Marcellin},
	title={JPEG2000: Image Compression Fundamentals, Standards and Practice},
	publisher={Springer},
	year={2001} }
	
@article{ref:2006-guo-bcwt,
	author={Jiangling Guo and Sunanda Mitra and Brian Nutter and Tanja Karp},
	title = {An Efficient Image Codec based on Backward Coding of Wavelet Trees},
	journal ={Image Analysis and Interpretation, IEEE Southwest Symposium on},
	volume = {0},
	year = {2006},
	pages = {233-237},
	publisher = {IEEE Computer Society} }

